%YAML 1.1
%TAG !u! tag:unity3d.com,2011:
--- !u!1001 &100100000
Prefab:
  m_ObjectHideFlags: 1
  serializedVersion: 2
  m_Modification:
    m_TransformParent: {fileID: 0}
    m_Modifications: []
    m_RemovedComponents: []
  m_ParentPrefab: {fileID: 0}
  m_RootGameObject: {fileID: 1624173450219152}
  m_IsPrefabParent: 1
--- !u!1 &1440218025993258
GameObject:
  m_ObjectHideFlags: 0
  m_PrefabParentObject: {fileID: 0}
  m_PrefabInternal: {fileID: 100100000}
  serializedVersion: 5
  m_Component:
  - component: {fileID: 4647212378033456}
  - component: {fileID: 54715389735066230}
  - component: {fileID: 114693112664389278}
  - component: {fileID: 114100276323163776}
  m_Layer: 0
  m_Name: MultipurposeCameraRig
  m_TagString: Untagged
  m_Icon: {fileID: -215833656, guid: 0000000000000000d000000000000000, type: 0}
  m_NavMeshLayer: 0
  m_StaticEditorFlags: 0
  m_IsActive: 1
--- !u!1 &1442559710438918
GameObject:
  m_ObjectHideFlags: 1
  m_PrefabParentObject: {fileID: 0}
  m_PrefabInternal: {fileID: 100100000}
  serializedVersion: 5
  m_Component:
  - component: {fileID: 4607676148054596}
  - component: {fileID: 20059448872075284}
  - component: {fileID: 92636379460908212}
  - component: {fileID: 124735667052896420}
  - component: {fileID: 81099290491121736}
  - component: {fileID: 114560938870302500}
  - component: {fileID: 114808619449725684}
  m_Layer: 0
  m_Name: MainCamera
  m_TagString: MainCamera
  m_Icon: {fileID: 0}
  m_NavMeshLayer: 0
  m_StaticEditorFlags: 0
  m_IsActive: 1
--- !u!1 &1624173450219152
GameObject:
  m_ObjectHideFlags: 0
  m_PrefabParentObject: {fileID: 0}
  m_PrefabInternal: {fileID: 100100000}
  serializedVersion: 5
  m_Component:
  - component: {fileID: 4915442578070882}
  m_Layer: 0
  m_Name: CameraUltima
  m_TagString: Untagged
  m_Icon: {fileID: 0}
  m_NavMeshLayer: 0
  m_StaticEditorFlags: 0
  m_IsActive: 1
--- !u!1 &1895138890203968
GameObject:
  m_ObjectHideFlags: 1
  m_PrefabParentObject: {fileID: 0}
  m_PrefabInternal: {fileID: 100100000}
  serializedVersion: 5
  m_Component:
  - component: {fileID: 4706788968432692}
  m_Layer: 0
  m_Name: Pivot
  m_TagString: Untagged
  m_Icon: {fileID: -1500306622, guid: 0000000000000000d000000000000000, type: 0}
  m_NavMeshLayer: 0
  m_StaticEditorFlags: 0
  m_IsActive: 1
--- !u!4 &4607676148054596
Transform:
  m_ObjectHideFlags: 1
  m_PrefabParentObject: {fileID: 0}
  m_PrefabInternal: {fileID: 100100000}
  m_GameObject: {fileID: 1442559710438918}
  m_LocalRotation: {x: 0.08715578, y: 0, z: 0, w: 0.9961947}
  m_LocalPosition: {x: 0, y: 0.7, z: -3.3}
  m_LocalScale: {x: 1, y: 1, z: 1}
  m_Children: []
  m_Father: {fileID: 4706788968432692}
  m_RootOrder: 0
  m_LocalEulerAnglesHint: {x: 10, y: 0, z: 0}
--- !u!4 &4647212378033456
Transform:
  m_ObjectHideFlags: 1
  m_PrefabParentObject: {fileID: 0}
  m_PrefabInternal: {fileID: 100100000}
  m_GameObject: {fileID: 1440218025993258}
  m_LocalRotation: {x: -0, y: -0, z: -0, w: 1}
  m_LocalPosition: {x: 0.06, y: -1.08, z: 0.68}
  m_LocalScale: {x: 1, y: 1, z: 1}
  m_Children:
  - {fileID: 4706788968432692}
  m_Father: {fileID: 4915442578070882}
  m_RootOrder: 0
  m_LocalEulerAnglesHint: {x: 0, y: 0, z: 0}
--- !u!4 &4706788968432692
Transform:
  m_ObjectHideFlags: 1
  m_PrefabParentObject: {fileID: 0}
  m_PrefabInternal: {fileID: 100100000}
  m_GameObject: {fileID: 1895138890203968}
  m_LocalRotation: {x: 0, y: 0, z: 0, w: 1}
  m_LocalPosition: {x: 0, y: 2, z: -3}
  m_LocalScale: {x: 1, y: 1, z: 1}
  m_Children:
  - {fileID: 4607676148054596}
  m_Father: {fileID: 4647212378033456}
  m_RootOrder: 0
  m_LocalEulerAnglesHint: {x: 0, y: 0, z: 0}
--- !u!4 &4915442578070882
Transform:
  m_ObjectHideFlags: 1
  m_PrefabParentObject: {fileID: 0}
  m_PrefabInternal: {fileID: 100100000}
  m_GameObject: {fileID: 1624173450219152}
  m_LocalRotation: {x: 0, y: 0, z: 0, w: 1}
  m_LocalPosition: {x: -0.06, y: 1.08, z: -0.68}
  m_LocalScale: {x: 1, y: 1, z: 1}
  m_Children:
  - {fileID: 4647212378033456}
  m_Father: {fileID: 0}
  m_RootOrder: 0
  m_LocalEulerAnglesHint: {x: 0, y: 0, z: 0}
--- !u!20 &20059448872075284
Camera:
  m_ObjectHideFlags: 1
  m_PrefabParentObject: {fileID: 0}
  m_PrefabInternal: {fileID: 100100000}
  m_GameObject: {fileID: 1442559710438918}
  m_Enabled: 1
  serializedVersion: 2
  m_ClearFlags: 1
  m_BackGroundColor: {r: 0.61960787, g: 0.6745098, b: 0.76862746, a: 0.019607844}
  m_NormalizedViewPortRect:
    serializedVersion: 2
    x: 0
    y: 0
    width: 1
    height: 1
  near clip plane: 0.2
  far clip plane: 5000
  field of view: 50
  orthographic: 0
  orthographic size: 4.5
  m_Depth: -1
  m_CullingMask:
    serializedVersion: 2
    m_Bits: 4294967295
  m_RenderingPath: -1
  m_TargetTexture: {fileID: 0}
  m_TargetDisplay: 0
  m_TargetEye: 3
  m_HDR: 0
  m_AllowMSAA: 1
  m_ForceIntoRT: 0
  m_OcclusionCulling: 1
  m_StereoConvergence: 10
  m_StereoSeparation: 0.022
  m_StereoMirrorMode: 0
--- !u!54 &54715389735066230
Rigidbody:
  m_ObjectHideFlags: 1
  m_PrefabParentObject: {fileID: 0}
  m_PrefabInternal: {fileID: 100100000}
  m_GameObject: {fileID: 1440218025993258}
  serializedVersion: 2
  m_Mass: 1
  m_Drag: 0.2
  m_AngularDrag: 0.05
  m_UseGravity: 0
  m_IsKinematic: 1
  m_Interpolate: 0
  m_Constraints: 0
  m_CollisionDetection: 0
--- !u!81 &81099290491121736
AudioListener:
  m_ObjectHideFlags: 1
  m_PrefabParentObject: {fileID: 0}
  m_PrefabInternal: {fileID: 100100000}
  m_GameObject: {fileID: 1442559710438918}
  m_Enabled: 1
--- !u!92 &92636379460908212
Behaviour:
  m_ObjectHideFlags: 1
  m_PrefabParentObject: {fileID: 0}
  m_PrefabInternal: {fileID: 100100000}
  m_GameObject: {fileID: 1442559710438918}
  m_Enabled: 1
--- !u!114 &114100276323163776
MonoBehaviour:
  m_ObjectHideFlags: 1
  m_PrefabParentObject: {fileID: 0}
  m_PrefabInternal: {fileID: 100100000}
  m_GameObject: {fileID: 1440218025993258}
  m_Enabled: 1
  m_EditorHideFlags: 0
  m_Script: {fileID: 11500000, guid: a8d3968294210ba4a9d2bb96dfa74a16, type: 3}
  m_Name: 
  m_EditorClassIdentifier: 
  m_Target: {fileID: 0}
  m_AutoTargetPlayer: 1
  m_UpdateType: 0
  m_MoveSpeed: 15
  m_TurnSpeed: 15
  m_RollSpeed: 3
  m_FollowVelocity: 0
  m_FollowTilt: 1
  m_SpinTurnLimit: 180
  m_TargetVelocityLowerLimit: 4
  m_SmoothTurnTime: 0.2
--- !u!114 &114560938870302500
MonoBehaviour:
  m_ObjectHideFlags: 1
  m_PrefabParentObject: {fileID: 0}
  m_PrefabInternal: {fileID: 100100000}
  m_GameObject: {fileID: 1442559710438918}
  m_Enabled: 1
  m_EditorHideFlags: 0
  m_Script: {fileID: 11500000, guid: 97e9b95cf609d96409b6c40519432957, type: 3}
  m_Name: 
  m_EditorClassIdentifier: 
  filterType: 0
  preview: 0
  previewScale: {x: 1, y: 1, z: 1}
  movementScale: 0
  rotationScale: 0
  maxVelocity: 8
  minVelocity: 0.1
  velocityScale: 0.375
  softZDistance: 0.005
  velocityDownsample: 1
  excludeLayers:
    serializedVersion: 2
    m_Bits: 0
  shader: {fileID: 4800000, guid: 85a88efa8c871af4a9d17c64791b6f4f, type: 3}
  dx11MotionBlurShader: {fileID: 4800000, guid: f1b13d7a80660504a858ea24cfa418c6,
    type: 3}
  replacementClear: {fileID: 4800000, guid: 7699c5fbfa27745a1abe111ab7bf9785, type: 3}
  noiseTexture: {fileID: 2800000, guid: 31f5a8611c4ed1245b18456206e798dc, type: 3}
  jitter: 0.05
  showVelocity: 0
  showVelocityScale: 1
--- !u!114 &114693112664389278
MonoBehaviour:
  m_ObjectHideFlags: 1
  m_PrefabParentObject: {fileID: 0}
  m_PrefabInternal: {fileID: 100100000}
  m_GameObject: {fileID: 1440218025993258}
  m_Enabled: 0
  m_EditorHideFlags: 0
  m_Script: {fileID: 11500000, guid: 94b04ec3bda6b7747aa53936ef3b0ae2, type: 3}
  m_Name: 
  m_EditorClassIdentifier: 
  clipMoveTime: 0.05
  returnTime: 0.4
  sphereCastRadius: 0.1
  visualiseInEditor: 1
  closestDistance: 0.5
  dontClipTag: Player
--- !u!114 &114808619449725684
MonoBehaviour:
  m_ObjectHideFlags: 1
  m_PrefabParentObject: {fileID: 0}
  m_PrefabInternal: {fileID: 100100000}
  m_GameObject: {fileID: 1442559710438918}
  m_Enabled: 1
  m_EditorHideFlags: 0
  m_Script: {fileID: 11500000, guid: 478a2083ad114a07d000fbfb8d76c639, type: 3}
  m_Name: 
  m_EditorClassIdentifier: 
  shader: {fileID: 4800000, guid: e9ba2083ad114a07d000fbfb8d76c639, type: 3}
  blurAmount: 0
  extraBlur: 0
--- !u!124 &124735667052896420
Behaviour:
  m_ObjectHideFlags: 1
  m_PrefabParentObject: {fileID: 0}
  m_PrefabInternal: {fileID: 100100000}
  m_GameObject: {fileID: 1442559710438918}
  m_Enabled: 1
